@online{NLopt,
    title = {The NLopt nonlinear-optimization package},
    author = {Steven G. Johnson},
    url = {http://github.com/stevengj/nlopt}
}

@article{AugerDiagrams,
    title = {Auger Recombination from first principles},
    author = {Daniel Steiauf, Emmanouil Kioupakis, Chris G. Van de Walle},
    journal = {ACS Photonics},
    year = {2003},
    url = {https://www.mrl.ucsb.edu/~vandewalle/publications/ACS1,643(2014)-Steiauf-Auger.pdf}
}

@article{AkimaSplines,
    title = {A new method of interpolation and smooth curve 
    fitting based on local procedures},
    author = {Hiroshi Akima},
    year = {1970},
    jornal = {Journal of the Association for Computing Machinery},
    url = {http://www.leg.ufpr.br/lib/exe/fetch.php/wiki:internas:biblioteca:akima.pdf}
}

@article{AuglagOptim,
    title = {A Fortran Package for Large-Scale Nonlinear Optimization},
    author = {Conn A.R., Gould N.I.M., Ph. Toint L.},
    year = {1992},
    journal = {Springer-Verlag}
}

@article{SucApprAnd,
    title = {Theoretical study of Auger recombination in a GaInNAs quantum well laser structure},
    author = {Andreev A.D.},
    year = {2004},
    journal = {Applied Physics Letters}
}

@article{SucApprAgr,
    author = {Agrawal G.P., Dutta N.K.},
    title = {Long-Wavelength Semiconductor Lasers},
    journal  = {Van Nostrand Reinhold},
    year = {1993}
}






