@online{NLopt,
    title = {The NLopt nonlinear-optimization package},
    author = {Steven G. Johnson},
    url = {http://github.com/stevengj/nlopt}
}